<record><leader>00000cas a22000007a 4500</leader><controlfield tag="001">40704665</controlfield><controlfield tag="008">990129d19uu1976cauwr ne      0    0eng d</controlfield><datafield ind1=" " ind2=" " tag="010"><subfield code="a">sn 98061744 </subfield></datafield><datafield ind1=" " ind2=" " tag="040"><subfield code="a">CNK</subfield><subfield code="b">eng</subfield><subfield code="c">CNK</subfield><subfield code="d">OCLCQ</subfield><subfield code="d">OCLCF</subfield><subfield code="d">OCLCO</subfield></datafield><datafield ind1="1" ind2=" " tag="029"><subfield code="a">AU@</subfield><subfield code="b">000014546267</subfield></datafield><datafield ind1=" " ind2=" " tag="042"><subfield code="a">msc</subfield></datafield><datafield ind1=" " ind2=" " tag="043"><subfield code="a">n-us-ca</subfield></datafield><datafield ind1="0" ind2="4" tag="245"><subfield code="a">The Pacific Grove tribune and Pebble Beach green sheet.</subfield></datafield><datafield ind1=" " ind2=" " tag="260"><subfield code="a">Pacific Grove, Calif. :</subfield><subfield code="b">[s.n.]</subfield></datafield><datafield ind1=" " ind2=" " tag="300"><subfield code="a">v.</subfield></datafield><datafield ind1=" " ind2=" " tag="310"><subfield code="a">Weekly</subfield></datafield><datafield ind1="0" ind2=" " tag="362"><subfield code="a">-v. 62, no. 10 (July 22, 1976).</subfield></datafield><datafield ind1=" " ind2=" " tag="500"><subfield code="a">"The Pacific Grove" appears in smaller print above "Tribune ; "and Pebble Beach Green Sheet" appears in small print below "Tribune."</subfield></datafield><datafield ind1=" " ind2=" " tag="515"><subfield code="a">Vol. numbering is irregular.</subfield></datafield><datafield ind1=" " ind2=" " tag="588"><subfield code="a">Description based on: Vol. 64, no. 45 (Jan. 9, 1969).</subfield></datafield><datafield ind1=" " ind2="0" tag="651"><subfield code="a">Pacific Grove (Calif.)</subfield><subfield code="v">Newspapers.</subfield></datafield><datafield ind1=" " ind2="0" tag="651"><subfield code="a">Pebble Beach (Calif.)</subfield><subfield code="v">Newspapers.</subfield></datafield><datafield ind1=" " ind2="7" tag="655"><subfield code="a">Newspapers.</subfield><subfield code="2">fast</subfield><subfield code="0">(OCoLC)fst01423814</subfield></datafield><datafield ind1=" " ind2="7" tag="651"><subfield code="a">California</subfield><subfield code="z">Pacific Grove.</subfield><subfield code="2">fast</subfield><subfield code="0">(OCoLC)fst01206167</subfield></datafield><datafield ind1=" " ind2="7" tag="651"><subfield code="a">California</subfield><subfield code="z">Pebble Beach.</subfield><subfield code="2">fast</subfield><subfield code="0">(OCoLC)fst01222190</subfield></datafield><datafield ind1=" " ind2=" " tag="752"><subfield code="a">United States</subfield><subfield code="b">California</subfield><subfield code="c">Monterey</subfield><subfield code="d">Pacific Grove.</subfield></datafield><datafield ind1="0" ind2="0" tag="785"><subfield code="t">Pacific Grove, Pebble Beach tribune</subfield><subfield code="w">(DLC)sn 84007660</subfield></datafield></record>